<record><leader>00000cas a2200000 a 4500</leader><controlfield tag="001">12322607</controlfield><controlfield tag="008">850730d18771884miuwr ne      0    0eng c</controlfield><datafield ind1=" " ind2=" " tag="010"><subfield code="a">sn 85033927 </subfield></datafield><datafield ind1=" " ind2=" " tag="040"><subfield code="a">NPU</subfield><subfield code="b">eng</subfield><subfield code="c">NPU</subfield><subfield code="d">NPY</subfield><subfield code="d">CNW</subfield><subfield code="d">MHN</subfield><subfield code="d">OCL</subfield><subfield code="d">OCLCQ</subfield><subfield code="d">OCLCF</subfield><subfield code="d">OCLCO</subfield></datafield><datafield ind1=" " ind2=" " tag="042"><subfield code="a">pcc</subfield></datafield><datafield ind1=" " ind2=" " tag="043"><subfield code="a">n-us-mi</subfield></datafield><datafield ind1="0" ind2=" " tag="130"><subfield code="a">Detroit post and tribune (Detroit, Mich. : Weekly)</subfield></datafield><datafield ind1="1" ind2="0" tag="245"><subfield code="a">Detroit post and tribune.</subfield></datafield><datafield ind1="1" ind2="3" tag="246"><subfield code="a">Post and tribune</subfield></datafield><datafield ind1="1" ind2="7" tag="246"><subfield code="a">Weekly post and tribune</subfield></datafield><datafield ind1=" " ind2=" " tag="260"><subfield code="a">[Detroit, Mich.] :</subfield><subfield code="b">Post and Tribune Co.</subfield></datafield><datafield ind1=" " ind2=" " tag="300"><subfield code="a">v. ;</subfield><subfield code="c">59 cm.</subfield></datafield><datafield ind1=" " ind2=" " tag="310"><subfield code="a">Weekly</subfield></datafield><datafield ind1="1" ind2=" " tag="362"><subfield code="a">Began in 1877; ceased in 1884?</subfield></datafield><datafield ind1=" " ind2=" " tag="580"><subfield code="a">Other ed. available: Detroit post and tribune (Detroit, Mich. : Daily), and: Detroit post and tribune (Detroit, Mich. : Triweekly) &lt;title uncertain&gt;.</subfield></datafield><datafield ind1=" " ind2=" " tag="580"><subfield code="a">Other weekly ed. available: Detroit post and tribune campaign ed., June 10-&lt;Oct. 30&gt; 1880.</subfield></datafield><datafield ind1=" " ind2=" " tag="580"><subfield code="a">Formed by the union of: Detroit advertiser and tribune (Detroit, Mich. : Weekly), and: Weekly post (Detroit, Mich.).</subfield></datafield><datafield ind1=" " ind2=" " tag="580"><subfield code="a">Continued by: Detroit weekly post (Detroit, Mich. : 1884) &lt;title uncertain&gt;?</subfield></datafield><datafield ind1=" " ind2=" " tag="588"><subfield code="a">Description based on: New ser., vol. 2, no. 28 (May 8, 1879).</subfield></datafield><datafield ind1=" " ind2="0" tag="651"><subfield code="a">Detroit (Mich.)</subfield><subfield code="v">Newspapers.</subfield></datafield><datafield ind1=" " ind2="0" tag="651"><subfield code="a">Wayne County (Mich.)</subfield><subfield code="v">Newspapers.</subfield></datafield><datafield ind1=" " ind2="7" tag="655"><subfield code="a">Newspapers.</subfield><subfield code="2">fast</subfield><subfield code="0">(OCoLC)fst01423814</subfield></datafield><datafield ind1=" " ind2="7" tag="651"><subfield code="a">Michigan</subfield><subfield code="z">Detroit.</subfield><subfield code="2">fast</subfield><subfield code="0">(OCoLC)fst01205010</subfield></datafield><datafield ind1=" " ind2="7" tag="651"><subfield code="a">Michigan</subfield><subfield code="z">Wayne County.</subfield><subfield code="2">fast</subfield><subfield code="0">(OCoLC)fst01206628</subfield></datafield><datafield ind1=" " ind2=" " tag="752"><subfield code="a">United States</subfield><subfield code="b">Michigan</subfield><subfield code="c">Wayne</subfield><subfield code="d">Detroit.</subfield></datafield><datafield ind1="1" ind2=" " tag="775"><subfield code="t">Detroit post and tribune (Detroit, Mich. : Daily)</subfield><subfield code="w">(DLC)sn 85038339</subfield><subfield code="w">(OCoLC)13523678</subfield></datafield><datafield ind1="1" ind2=" " tag="775"><subfield code="t">Detroit post and tribune (Detroit, Mich. : Triweekly)</subfield></datafield><datafield ind1="1" ind2="4" tag="780"><subfield code="t">Detroit advertiser and tribune (Detroit, Mich. : Weekly)</subfield><subfield code="w">(DLC)sn 85033929</subfield><subfield code="w">(OCoLC)12322613</subfield></datafield><datafield ind1="1" ind2="4" tag="780"><subfield code="t">Weekly post (Detroit, Mich.)</subfield><subfield code="w">(DLC)sn 85033924</subfield><subfield code="w">(OCoLC)12322591</subfield></datafield><datafield ind1="1" ind2="0" tag="785"><subfield code="t">Detroit weekly post (Detroit, Mich. : 1884)</subfield></datafield></record>